<record><leader>00000cas a2200000 a 4500</leader><controlfield tag="001">12649910</controlfield><controlfield tag="008">851009d18861890ksucr ne      0    0eng d</controlfield><datafield ind1=" " ind2=" " tag="010"><subfield code="a">sn 85066670 </subfield></datafield><datafield ind1=" " ind2=" " tag="040"><subfield code="a">KSH</subfield><subfield code="b">eng</subfield><subfield code="c">KSH</subfield><subfield code="d">NPT</subfield><subfield code="d">OCL</subfield><subfield code="d">OCLCQ</subfield></datafield><datafield ind1=" " ind2=" " tag="042"><subfield code="a">msc</subfield></datafield><datafield ind1="0" ind2=" " tag="130"><subfield code="a">Stafford County republican (Stafford, Kan. : 1886)</subfield></datafield><datafield ind1="1" ind2="0" tag="245"><subfield code="a">Stafford County republican.</subfield></datafield><datafield ind1="1" ind2="3" tag="246"><subfield code="a">Stafford republican</subfield><subfield code="f">Feb. 13-Apr. 10, 1890</subfield></datafield><datafield ind1="1" ind2="3" tag="246"><subfield code="a">Stafford semi-weekly republican</subfield><subfield code="f">Apr. 16-Dec. 20, 1890</subfield></datafield><datafield ind1=" " ind2=" " tag="260"><subfield code="a">Stafford, Kan. :</subfield><subfield code="b">W.H. Webb,</subfield><subfield code="c">1886-1890.</subfield></datafield><datafield ind1=" " ind2=" " tag="300"><subfield code="a">5 v. :</subfield><subfield code="b">ill. ;</subfield><subfield code="c">55-64 cm.</subfield></datafield><datafield ind1=" " ind2=" " tag="310"><subfield code="a">Semiweekly,</subfield><subfield code="b">Apr. 16-Dec. 20, 1890</subfield></datafield><datafield ind1=" " ind2=" " tag="321"><subfield code="a">Weekly,</subfield><subfield code="b">Apr. 24, 1886-Apr. 10, 1890</subfield></datafield><datafield ind1="0" ind2=" " tag="362"><subfield code="a">Vol. 1, no. 1 (Apr. 24, 1886)-v. 5, no. 72 (Dec. 20, 1890).</subfield></datafield><datafield ind1=" " ind2=" " tag="500"><subfield code="a">Publisher varies.</subfield></datafield><datafield ind1=" " ind2=" " tag="525"><subfield code="a">Includes supplements.</subfield></datafield><datafield ind1=" " ind2=" " tag="752"><subfield code="a">United States</subfield><subfield code="b">Kansas</subfield><subfield code="c">Stafford</subfield><subfield code="d">Stafford.</subfield></datafield><datafield ind1="0" ind2="5" tag="780"><subfield code="t">Seward independent (Seward, Kan. : 1889)</subfield><subfield code="g">Aug. 6, 1890</subfield><subfield code="w">(DLC)sn 85066669</subfield></datafield><datafield ind1="0" ind2="0" tag="785"><subfield code="t">Stafford republican</subfield><subfield code="w">(DLC)sn 85066675</subfield></datafield><datafield ind1="1" ind2=" " tag="029"><subfield code="a">AU@</subfield><subfield code="b">000022169857</subfield></datafield></record>